@techreport{first-sca:kocher,
	editor       = {{Paul C. Kocher}},
	TITLE        = {Timing Attacks on Implementations of Diffie-Hellman, RSA, DSS, and Other Systems},
	YEAR         = {1996},
	institution = {Cryptography Research, Inc.},
	address         = {607
	Market Street, 5th Floor, San Francisco, CA 94105, USA.}
}
